<record><leader>00000cas a22000007a 4500</leader><controlfield tag="001">11040610</controlfield><controlfield tag="008">840810d18691874iauwr ne      0    0eng d</controlfield><datafield ind1=" " ind2=" " tag="010"><subfield code="a">sn 84027319 </subfield></datafield><datafield ind1=" " ind2=" " tag="040"><subfield code="a">NPU</subfield><subfield code="b">eng</subfield><subfield code="c">NPU</subfield><subfield code="d">NPX</subfield><subfield code="d">INP</subfield><subfield code="d">OCLCQ</subfield></datafield><datafield ind1=" " ind2=" " tag="042"><subfield code="a">msc</subfield></datafield><datafield ind1="0" ind2="4" tag="245"><subfield code="a">The Newton free press.</subfield></datafield><datafield ind1="3" ind2="0" tag="246"><subfield code="a">Free press</subfield></datafield><datafield ind1=" " ind2=" " tag="260"><subfield code="a">Newton, Jasper County, Iowa :</subfield><subfield code="b">W.S. Benham</subfield></datafield><datafield ind1=" " ind2=" " tag="300"><subfield code="a">v. ;</subfield><subfield code="c">51-64 cm.</subfield></datafield><datafield ind1=" " ind2=" " tag="310"><subfield code="a">Weekly</subfield></datafield><datafield ind1="1" ind2=" " tag="362"><subfield code="a">Began in Feb. 1869; ceased with May 20, 1874 issue.</subfield><subfield code="z">Cf. Bibl. of Iowa newspapers.</subfield></datafield><datafield ind1=" " ind2=" " tag="500"><subfield code="a">"Justice to All Men."</subfield></datafield><datafield ind1=" " ind2=" " tag="588"><subfield code="a">Description based on: Vol. 11, no. 6 (Feb. 4, 1869).</subfield></datafield><datafield ind1=" " ind2=" " tag="752"><subfield code="a">United States</subfield><subfield code="b">Iowa</subfield><subfield code="c">Jasper</subfield><subfield code="d">Newton.</subfield></datafield><datafield ind1="0" ind2="0" tag="780"><subfield code="t">Jasper free press</subfield><subfield code="w">(DLC)sn 85049776</subfield></datafield><datafield ind1="0" ind2="7" tag="785"><subfield code="t">Jasper weekly Republican</subfield><subfield code="w">(DLC)sn 84027322</subfield></datafield><datafield ind1="0" ind2="7" tag="785"><subfield code="t">Newton free press and Jasper weekly Republican</subfield><subfield code="w">(DLC)sn 85049777</subfield></datafield></record>